<marc:record xmlns:marc="http://www.loc.gov/MARC21/slim"><marc:leader>00640nam a22001450a 45 0</marc:leader><marc:controlfield tag="001">306846</marc:controlfield><marc:controlfield tag="003">NL-AMISG</marc:controlfield><marc:controlfield tag="005">19950210234845.0</marc:controlfield><marc:controlfield tag="008">199502suuuuuuuu||||||||||||||||||||||| d</marc:controlfield><marc:datafield ind1=" " ind2=" " tag="035"><marc:subfield code="a">(IISG)IISGb10048052</marc:subfield></marc:datafield><marc:datafield ind1=" " ind2=" " tag="040"><marc:subfield code="a">NL-AmISG</marc:subfield></marc:datafield><marc:datafield ind1="1" ind2=" " tag="100"><marc:subfield code="a">Barčugov, Pavel Vasil'evič.</marc:subfield></marc:datafield><marc:datafield ind1="1" ind2="0" tag="245"><marc:subfield code="a">Revoljucionnaja rabota bol'ševikov v legal'nych rabočich organizacijach (1907-1911).</marc:subfield></marc:datafield><marc:datafield ind1=" " ind2=" " tag="260"><marc:subfield code="a">Bez m. :</marc:subfield><marc:subfield code="b">Rostovskij universitet,</marc:subfield><marc:subfield code="c">1963.</marc:subfield></marc:datafield><marc:datafield ind1=" " ind2=" " tag="300"><marc:subfield code="a">312 str.</marc:subfield></marc:datafield><marc:datafield ind1=" " ind2=" " tag="690"><marc:subfield code="a">R 374</marc:subfield><marc:subfield code="b">Russia; before 1917; social history; political parties; social democracy; tactics in general, propaganda, agitation</marc:subfield><marc:subfield code="c">Rusland; vóór 1917; sociale geschiedenis; politieke partijen; afzonderlijke partijen; sociaaldemocraten; tactiek, algemeen.</marc:subfield></marc:datafield><marc:datafield ind1=" " ind2=" " tag="852"><marc:subfield code="a">IISG</marc:subfield><marc:subfield code="b">IISG</marc:subfield><marc:subfield code="c">IISG</marc:subfield><marc:subfield code="j">R 374/78</marc:subfield><marc:subfield code="p">N10047561</marc:subfield></marc:datafield><marc:datafield ind1=" " ind2=" " tag="901"><marc:subfield code="a">306846</marc:subfield><marc:subfield code="b">Unknown</marc:subfield><marc:subfield code="c">306846</marc:subfield><marc:subfield code="t">biblio</marc:subfield></marc:datafield><marc:datafield ind1=" " ind2=" " tag="902"><marc:subfield code="a">10622/01F0C895-2405-4249-BD07-C5C45636A449</marc:subfield></marc:datafield></marc:record>